<record><leader>00000cas a2200000 a 4500</leader><controlfield tag="001">38934089</controlfield><controlfield tag="008">980410d18731875miuwr n       0    0eng c</controlfield><datafield ind1=" " ind2=" " tag="010"><subfield code="a">sn 98066306 </subfield></datafield><datafield ind1=" " ind2=" " tag="040"><subfield code="a">MHN</subfield><subfield code="b">eng</subfield><subfield code="c">MHN</subfield><subfield code="d">OCL</subfield><subfield code="d">OCLCQ</subfield><subfield code="d">OCLCF</subfield><subfield code="d">OCLCO</subfield></datafield><datafield ind1="1" ind2=" " tag="029"><subfield code="a">AU@</subfield><subfield code="b">000013904118</subfield></datafield><datafield ind1=" " ind2=" " tag="042"><subfield code="a">pcc</subfield></datafield><datafield ind1=" " ind2=" " tag="043"><subfield code="a">n-us-mi</subfield></datafield><datafield ind1="0" ind2="0" tag="245"><subfield code="a">Cheboygan independent.</subfield></datafield><datafield ind1="1" ind2="3" tag="246"><subfield code="a">Weekly independent</subfield></datafield><datafield ind1="1" ind2="7" tag="246"><subfield code="a">Independent</subfield></datafield><datafield ind1=" " ind2=" " tag="260"><subfield code="a">Cheboygan, Mich. :</subfield><subfield code="b">Geo. Robinson</subfield></datafield><datafield ind1=" " ind2=" " tag="300"><subfield code="a">v.</subfield></datafield><datafield ind1=" " ind2=" " tag="310"><subfield code="a">Weekly</subfield></datafield><datafield ind1="1" ind2=" " tag="362"><subfield code="a">Began July 3, 1873? Ceased Nov. 19, 1875?</subfield></datafield><datafield ind1=" " ind2=" " tag="515"><subfield code="a">Irregular numbering.</subfield></datafield><datafield ind1=" " ind2=" " tag="588"><subfield code="a">Description based on: Vol. 1, no. 31 (July 10, 1873).</subfield></datafield><datafield ind1=" " ind2="0" tag="651"><subfield code="a">Cheboygan (Mich.)</subfield><subfield code="v">Newspapers.</subfield></datafield><datafield ind1=" " ind2="0" tag="651"><subfield code="a">Cheboygan County (Mich.)</subfield><subfield code="v">Newspapers.</subfield></datafield><datafield ind1=" " ind2="7" tag="655"><subfield code="a">Newspapers.</subfield><subfield code="2">fast</subfield><subfield code="0">(OCoLC)fst01423814</subfield></datafield><datafield ind1=" " ind2="7" tag="651"><subfield code="a">Michigan</subfield><subfield code="z">Cheboygan.</subfield><subfield code="2">fast</subfield><subfield code="0">(OCoLC)fst01219722</subfield></datafield><datafield ind1=" " ind2="7" tag="651"><subfield code="a">Michigan</subfield><subfield code="z">Cheboygan County.</subfield><subfield code="2">fast</subfield><subfield code="0">(OCoLC)fst01214772</subfield></datafield><datafield ind1=" " ind2=" " tag="752"><subfield code="a">United States</subfield><subfield code="b">Michigan</subfield><subfield code="c">Cheboygan</subfield><subfield code="d">Cheboygan.</subfield></datafield><datafield ind1="0" ind2="0" tag="780"><subfield code="t">Cheboygan weekly independent</subfield><subfield code="w">(DLC)sn 85033597</subfield><subfield code="w">(OCoLC)12084933</subfield></datafield><datafield ind1="0" ind2="0" tag="785"><subfield code="t">Cheboygan free press</subfield><subfield code="w">(DLC)sn 85026456</subfield><subfield code="w">(OCoLC)12247700</subfield></datafield></record>